%YAML 1.1
%TAG !u! tag:unity3d.com,2011:
--- !u!1 &4976815761461272633
GameObject:
  m_ObjectHideFlags: 0
  m_CorrespondingSourceObject: {fileID: 0}
  m_PrefabInstance: {fileID: 0}
  m_PrefabAsset: {fileID: 0}
  serializedVersion: 6
  m_Component:
  - component: {fileID: 4976815761461272632}
  m_Layer: 0
  m_Name: BasicTorch
  m_TagString: Untagged
  m_Icon: {fileID: 0}
  m_NavMeshLayer: 0
  m_StaticEditorFlags: 0
  m_IsActive: 1
--- !u!4 &4976815761461272632
Transform:
  m_ObjectHideFlags: 0
  m_CorrespondingSourceObject: {fileID: 0}
  m_PrefabInstance: {fileID: 0}
  m_PrefabAsset: {fileID: 0}
  m_GameObject: {fileID: 4976815761461272633}
  m_LocalRotation: {x: 0, y: 0, z: 0, w: 1}
  m_LocalPosition: {x: 4.033, y: 2.984, z: 1.545}
  m_LocalScale: {x: 1, y: 1, z: 1}
  m_Children:
  - {fileID: 4799582575867201094}
  - {fileID: 4976815763215883389}
  m_Father: {fileID: 0}
  m_RootOrder: 0
  m_LocalEulerAnglesHint: {x: 0, y: 0, z: 0}
--- !u!64 &395354033320688303
MeshCollider:
  m_ObjectHideFlags: 0
  m_CorrespondingSourceObject: {fileID: 0}
  m_PrefabInstance: {fileID: 0}
  m_PrefabAsset: {fileID: 0}
  m_GameObject: {fileID: 5318850394909596924}
  m_Material: {fileID: 0}
  m_IsTrigger: 0
  m_Enabled: 1
  serializedVersion: 4
  m_Convex: 0
  m_CookingOptions: 30
  m_Mesh: {fileID: 2534964839176971238, guid: 4b0aecdd11fe6a2478683749c13dd831, type: 3}
--- !u!1001 &4806333423301205269
PrefabInstance:
  m_ObjectHideFlags: 0
  serializedVersion: 2
  m_Modification:
    m_TransformParent: {fileID: 4976815761461272632}
    m_Modifications:
    - target: {fileID: 550201502392156520, guid: 7d885243d94f9f94cba47259dfd78f21, type: 3}
      propertyPath: m_RootOrder
      value: 1
      objectReference: {fileID: 0}
    - target: {fileID: 550201502392156520, guid: 7d885243d94f9f94cba47259dfd78f21, type: 3}
      propertyPath: m_LocalPosition.x
      value: 0.032759666
      objectReference: {fileID: 0}
    - target: {fileID: 550201502392156520, guid: 7d885243d94f9f94cba47259dfd78f21, type: 3}
      propertyPath: m_LocalPosition.y
      value: 0.3499999
      objectReference: {fileID: 0}
    - target: {fileID: 550201502392156520, guid: 7d885243d94f9f94cba47259dfd78f21, type: 3}
      propertyPath: m_LocalPosition.z
      value: 0.19729877
      objectReference: {fileID: 0}
    - target: {fileID: 550201502392156520, guid: 7d885243d94f9f94cba47259dfd78f21, type: 3}
      propertyPath: m_LocalRotation.w
      value: 0.7071068
      objectReference: {fileID: 0}
    - target: {fileID: 550201502392156520, guid: 7d885243d94f9f94cba47259dfd78f21, type: 3}
      propertyPath: m_LocalRotation.x
      value: -0.7071068
      objectReference: {fileID: 0}
    - target: {fileID: 550201502392156520, guid: 7d885243d94f9f94cba47259dfd78f21, type: 3}
      propertyPath: m_LocalRotation.y
      value: -0
      objectReference: {fileID: 0}
    - target: {fileID: 550201502392156520, guid: 7d885243d94f9f94cba47259dfd78f21, type: 3}
      propertyPath: m_LocalRotation.z
      value: -0
      objectReference: {fileID: 0}
    - target: {fileID: 550201502392156520, guid: 7d885243d94f9f94cba47259dfd78f21, type: 3}
      propertyPath: m_LocalEulerAnglesHint.x
      value: 270
      objectReference: {fileID: 0}
    - target: {fileID: 550201502392156520, guid: 7d885243d94f9f94cba47259dfd78f21, type: 3}
      propertyPath: m_LocalEulerAnglesHint.y
      value: -0
      objectReference: {fileID: 0}
    - target: {fileID: 550201502392156520, guid: 7d885243d94f9f94cba47259dfd78f21, type: 3}
      propertyPath: m_LocalEulerAnglesHint.z
      value: 0
      objectReference: {fileID: 0}
    - target: {fileID: 550201502392156527, guid: 7d885243d94f9f94cba47259dfd78f21, type: 3}
      propertyPath: m_Name
      value: particle_Fire
      objectReference: {fileID: 0}
    m_RemovedComponents: []
  m_SourcePrefab: {fileID: 100100000, guid: 7d885243d94f9f94cba47259dfd78f21, type: 3}
--- !u!4 &4976815763215883389 stripped
Transform:
  m_CorrespondingSourceObject: {fileID: 550201502392156520, guid: 7d885243d94f9f94cba47259dfd78f21, type: 3}
  m_PrefabInstance: {fileID: 4806333423301205269}
  m_PrefabAsset: {fileID: 0}
--- !u!1001 &4976815761453834669
PrefabInstance:
  m_ObjectHideFlags: 0
  serializedVersion: 2
  m_Modification:
    m_TransformParent: {fileID: 4976815761461272632}
    m_Modifications:
    - target: {fileID: -8679921383154817045, guid: 4b0aecdd11fe6a2478683749c13dd831, type: 3}
      propertyPath: m_RootOrder
      value: 0
      objectReference: {fileID: 0}
    - target: {fileID: -8679921383154817045, guid: 4b0aecdd11fe6a2478683749c13dd831, type: 3}
      propertyPath: m_LocalPosition.x
      value: 0
      objectReference: {fileID: 0}
    - target: {fileID: -8679921383154817045, guid: 4b0aecdd11fe6a2478683749c13dd831, type: 3}
      propertyPath: m_LocalPosition.y
      value: 0
      objectReference: {fileID: 0}
    - target: {fileID: -8679921383154817045, guid: 4b0aecdd11fe6a2478683749c13dd831, type: 3}
      propertyPath: m_LocalPosition.z
      value: 0
      objectReference: {fileID: 0}
    - target: {fileID: -8679921383154817045, guid: 4b0aecdd11fe6a2478683749c13dd831, type: 3}
      propertyPath: m_LocalRotation.w
      value: 0.4572201
      objectReference: {fileID: 0}
    - target: {fileID: -8679921383154817045, guid: 4b0aecdd11fe6a2478683749c13dd831, type: 3}
      propertyPath: m_LocalRotation.x
      value: -0.4572201
      objectReference: {fileID: 0}
    - target: {fileID: -8679921383154817045, guid: 4b0aecdd11fe6a2478683749c13dd831, type: 3}
      propertyPath: m_LocalRotation.y
      value: 0.5393976
      objectReference: {fileID: 0}
    - target: {fileID: -8679921383154817045, guid: 4b0aecdd11fe6a2478683749c13dd831, type: 3}
      propertyPath: m_LocalRotation.z
      value: 0.5393976
      objectReference: {fileID: 0}
    - target: {fileID: -8679921383154817045, guid: 4b0aecdd11fe6a2478683749c13dd831, type: 3}
      propertyPath: m_LocalEulerAnglesHint.x
      value: 270
      objectReference: {fileID: 0}
    - target: {fileID: -8679921383154817045, guid: 4b0aecdd11fe6a2478683749c13dd831, type: 3}
      propertyPath: m_LocalEulerAnglesHint.y
      value: 99.42748
      objectReference: {fileID: 0}
    - target: {fileID: -8679921383154817045, guid: 4b0aecdd11fe6a2478683749c13dd831, type: 3}
      propertyPath: m_LocalEulerAnglesHint.z
      value: 0
      objectReference: {fileID: 0}
    - target: {fileID: -7511558181221131132, guid: 4b0aecdd11fe6a2478683749c13dd831, type: 3}
      propertyPath: m_Materials.Array.data[0]
      value: 
      objectReference: {fileID: 2100000, guid: 5102788bdd902af499774d01e614511a, type: 2}
    - target: {fileID: 919132149155446097, guid: 4b0aecdd11fe6a2478683749c13dd831, type: 3}
      propertyPath: m_Name
      value: m_BasicTorch
      objectReference: {fileID: 0}
    m_RemovedComponents: []
  m_SourcePrefab: {fileID: 100100000, guid: 4b0aecdd11fe6a2478683749c13dd831, type: 3}
--- !u!1 &5318850394909596924 stripped
GameObject:
  m_CorrespondingSourceObject: {fileID: 919132149155446097, guid: 4b0aecdd11fe6a2478683749c13dd831, type: 3}
  m_PrefabInstance: {fileID: 4976815761453834669}
  m_PrefabAsset: {fileID: 0}
--- !u!4 &4799582575867201094 stripped
Transform:
  m_CorrespondingSourceObject: {fileID: -8679921383154817045, guid: 4b0aecdd11fe6a2478683749c13dd831, type: 3}
  m_PrefabInstance: {fileID: 4976815761453834669}
  m_PrefabAsset: {fileID: 0}
