%YAML 1.1
%TAG !u! tag:unity3d.com,2011:
--- !u!1 &7049147754073331009
GameObject:
  m_ObjectHideFlags: 0
  m_CorrespondingSourceObject: {fileID: 0}
  m_PrefabInstance: {fileID: 0}
  m_PrefabAsset: {fileID: 0}
  serializedVersion: 6
  m_Component:
  - component: {fileID: 7049147754073331008}
  - component: {fileID: 4028486161819056501}
  m_Layer: 8
  m_Name: Steps
  m_TagString: Untagged
  m_Icon: {fileID: 0}
  m_NavMeshLayer: 0
  m_StaticEditorFlags: 0
  m_IsActive: 1
--- !u!4 &7049147754073331008
Transform:
  m_ObjectHideFlags: 0
  m_CorrespondingSourceObject: {fileID: 0}
  m_PrefabInstance: {fileID: 0}
  m_PrefabAsset: {fileID: 0}
  m_GameObject: {fileID: 7049147754073331009}
  m_LocalRotation: {x: 0, y: 0, z: 0, w: 1}
  m_LocalPosition: {x: 0, y: 0, z: 0}
  m_LocalScale: {x: 1, y: 1, z: 1}
  m_Children:
  - {fileID: 7374965403410026352}
  - {fileID: 7374965402569686704}
  - {fileID: 7374965403137859157}
  m_Father: {fileID: 0}
  m_RootOrder: 0
  m_LocalEulerAnglesHint: {x: 0, y: 0, z: 0}
--- !u!114 &4028486161819056501
MonoBehaviour:
  m_ObjectHideFlags: 0
  m_CorrespondingSourceObject: {fileID: 0}
  m_PrefabInstance: {fileID: 0}
  m_PrefabAsset: {fileID: 0}
  m_GameObject: {fileID: 7049147754073331009}
  m_Enabled: 1
  m_EditorHideFlags: 0
  m_Script: {fileID: 11500000, guid: 7a2cb52fc8cc80e418fe05c22a73dd24, type: 3}
  m_Name: 
  m_EditorClassIdentifier: 
  tilePosition: {x: 0, y: 0}
  _steps: {fileID: 7859611863297188874}
  _upperCorner: {fileID: 7859611864764552650}
  _lowerCorner: {fileID: 7859611863936632047}
--- !u!64 &7049147754501331289
MeshCollider:
  m_ObjectHideFlags: 0
  m_CorrespondingSourceObject: {fileID: 0}
  m_PrefabInstance: {fileID: 0}
  m_PrefabAsset: {fileID: 0}
  m_GameObject: {fileID: 7859611863297188874}
  m_Material: {fileID: 0}
  m_IsTrigger: 0
  m_Enabled: 1
  serializedVersion: 4
  m_Convex: 1
  m_CookingOptions: 30
  m_Mesh: {fileID: -462981019419857548, guid: 0f21a044f6efee74ba3bb2dc97f65538, type: 3}
--- !u!64 &7049147753933224379
MeshCollider:
  m_ObjectHideFlags: 0
  m_CorrespondingSourceObject: {fileID: 0}
  m_PrefabInstance: {fileID: 0}
  m_PrefabAsset: {fileID: 0}
  m_GameObject: {fileID: 7859611863936632047}
  m_Material: {fileID: 0}
  m_IsTrigger: 0
  m_Enabled: 1
  serializedVersion: 4
  m_Convex: 1
  m_CookingOptions: 30
  m_Mesh: {fileID: 6416302070336371891, guid: 62f9e11f55af76b47a3622eae48b65e9, type: 3}
--- !u!64 &7049147753644471559
MeshCollider:
  m_ObjectHideFlags: 0
  m_CorrespondingSourceObject: {fileID: 0}
  m_PrefabInstance: {fileID: 0}
  m_PrefabAsset: {fileID: 0}
  m_GameObject: {fileID: 7859611864764552650}
  m_Material: {fileID: 0}
  m_IsTrigger: 0
  m_Enabled: 1
  serializedVersion: 4
  m_Convex: 1
  m_CookingOptions: 30
  m_Mesh: {fileID: -462981019419857548, guid: 4849b7dfe1e271547810e2411881ffe8, type: 3}
--- !u!1001 &7049147753685952667
PrefabInstance:
  m_ObjectHideFlags: 0
  serializedVersion: 2
  m_Modification:
    m_TransformParent: {fileID: 7049147754073331008}
    m_Modifications:
    - target: {fileID: -8679921383154817045, guid: 4849b7dfe1e271547810e2411881ffe8, type: 3}
      propertyPath: m_RootOrder
      value: 0
      objectReference: {fileID: 0}
    - target: {fileID: -8679921383154817045, guid: 4849b7dfe1e271547810e2411881ffe8, type: 3}
      propertyPath: m_LocalPosition.x
      value: 0
      objectReference: {fileID: 0}
    - target: {fileID: -8679921383154817045, guid: 4849b7dfe1e271547810e2411881ffe8, type: 3}
      propertyPath: m_LocalPosition.y
      value: 0
      objectReference: {fileID: 0}
    - target: {fileID: -8679921383154817045, guid: 4849b7dfe1e271547810e2411881ffe8, type: 3}
      propertyPath: m_LocalPosition.z
      value: 0
      objectReference: {fileID: 0}
    - target: {fileID: -8679921383154817045, guid: 4849b7dfe1e271547810e2411881ffe8, type: 3}
      propertyPath: m_LocalRotation.w
      value: -0.50008726
      objectReference: {fileID: 0}
    - target: {fileID: -8679921383154817045, guid: 4849b7dfe1e271547810e2411881ffe8, type: 3}
      propertyPath: m_LocalRotation.x
      value: 0.49991274
      objectReference: {fileID: 0}
    - target: {fileID: -8679921383154817045, guid: 4849b7dfe1e271547810e2411881ffe8, type: 3}
      propertyPath: m_LocalRotation.y
      value: 0.50008726
      objectReference: {fileID: 0}
    - target: {fileID: -8679921383154817045, guid: 4849b7dfe1e271547810e2411881ffe8, type: 3}
      propertyPath: m_LocalRotation.z
      value: 0.49991274
      objectReference: {fileID: 0}
    - target: {fileID: -8679921383154817045, guid: 4849b7dfe1e271547810e2411881ffe8, type: 3}
      propertyPath: m_LocalEulerAnglesHint.x
      value: -89.98
      objectReference: {fileID: 0}
    - target: {fileID: -8679921383154817045, guid: 4849b7dfe1e271547810e2411881ffe8, type: 3}
      propertyPath: m_LocalEulerAnglesHint.y
      value: 270
      objectReference: {fileID: 0}
    - target: {fileID: -8679921383154817045, guid: 4849b7dfe1e271547810e2411881ffe8, type: 3}
      propertyPath: m_LocalEulerAnglesHint.z
      value: 0
      objectReference: {fileID: 0}
    - target: {fileID: -7511558181221131132, guid: 4849b7dfe1e271547810e2411881ffe8, type: 3}
      propertyPath: m_Materials.Array.data[0]
      value: 
      objectReference: {fileID: 2100000, guid: 8e1db7bf442f94e4e9cee3b493171d92, type: 2}
    - target: {fileID: 919132149155446097, guid: 4849b7dfe1e271547810e2411881ffe8, type: 3}
      propertyPath: m_Name
      value: m_StepsUpperCorner00
      objectReference: {fileID: 0}
    - target: {fileID: 919132149155446097, guid: 4849b7dfe1e271547810e2411881ffe8, type: 3}
      propertyPath: m_Layer
      value: 8
      objectReference: {fileID: 0}
    - target: {fileID: 919132149155446097, guid: 4849b7dfe1e271547810e2411881ffe8, type: 3}
      propertyPath: m_IsActive
      value: 1
      objectReference: {fileID: 0}
    m_RemovedComponents: []
  m_SourcePrefab: {fileID: 100100000, guid: 4849b7dfe1e271547810e2411881ffe8, type: 3}
--- !u!1 &7859611864764552650 stripped
GameObject:
  m_CorrespondingSourceObject: {fileID: 919132149155446097, guid: 4849b7dfe1e271547810e2411881ffe8, type: 3}
  m_PrefabInstance: {fileID: 7049147753685952667}
  m_PrefabAsset: {fileID: 0}
--- !u!4 &7374965403410026352 stripped
Transform:
  m_CorrespondingSourceObject: {fileID: -8679921383154817045, guid: 4849b7dfe1e271547810e2411881ffe8, type: 3}
  m_PrefabInstance: {fileID: 7049147753685952667}
  m_PrefabAsset: {fileID: 0}
--- !u!1001 &7049147753933224382
PrefabInstance:
  m_ObjectHideFlags: 0
  serializedVersion: 2
  m_Modification:
    m_TransformParent: {fileID: 7049147754073331008}
    m_Modifications:
    - target: {fileID: -8679921383154817045, guid: 62f9e11f55af76b47a3622eae48b65e9, type: 3}
      propertyPath: m_RootOrder
      value: 2
      objectReference: {fileID: 0}
    - target: {fileID: -8679921383154817045, guid: 62f9e11f55af76b47a3622eae48b65e9, type: 3}
      propertyPath: m_LocalPosition.x
      value: 0
      objectReference: {fileID: 0}
    - target: {fileID: -8679921383154817045, guid: 62f9e11f55af76b47a3622eae48b65e9, type: 3}
      propertyPath: m_LocalPosition.y
      value: 0
      objectReference: {fileID: 0}
    - target: {fileID: -8679921383154817045, guid: 62f9e11f55af76b47a3622eae48b65e9, type: 3}
      propertyPath: m_LocalPosition.z
      value: 0
      objectReference: {fileID: 0}
    - target: {fileID: -8679921383154817045, guid: 62f9e11f55af76b47a3622eae48b65e9, type: 3}
      propertyPath: m_LocalRotation.w
      value: -0.5
      objectReference: {fileID: 0}
    - target: {fileID: -8679921383154817045, guid: 62f9e11f55af76b47a3622eae48b65e9, type: 3}
      propertyPath: m_LocalRotation.x
      value: 0.5
      objectReference: {fileID: 0}
    - target: {fileID: -8679921383154817045, guid: 62f9e11f55af76b47a3622eae48b65e9, type: 3}
      propertyPath: m_LocalRotation.y
      value: 0.49999997
      objectReference: {fileID: 0}
    - target: {fileID: -8679921383154817045, guid: 62f9e11f55af76b47a3622eae48b65e9, type: 3}
      propertyPath: m_LocalRotation.z
      value: 0.5
      objectReference: {fileID: 0}
    - target: {fileID: -8679921383154817045, guid: 62f9e11f55af76b47a3622eae48b65e9, type: 3}
      propertyPath: m_LocalEulerAnglesHint.x
      value: 0
      objectReference: {fileID: 0}
    - target: {fileID: -8679921383154817045, guid: 62f9e11f55af76b47a3622eae48b65e9, type: 3}
      propertyPath: m_LocalEulerAnglesHint.y
      value: 0
      objectReference: {fileID: 0}
    - target: {fileID: -8679921383154817045, guid: 62f9e11f55af76b47a3622eae48b65e9, type: 3}
      propertyPath: m_LocalEulerAnglesHint.z
      value: 0
      objectReference: {fileID: 0}
    - target: {fileID: -7511558181221131132, guid: 62f9e11f55af76b47a3622eae48b65e9, type: 3}
      propertyPath: m_Materials.Array.data[0]
      value: 
      objectReference: {fileID: 2100000, guid: 8e1db7bf442f94e4e9cee3b493171d92, type: 2}
    - target: {fileID: 919132149155446097, guid: 62f9e11f55af76b47a3622eae48b65e9, type: 3}
      propertyPath: m_Name
      value: m_StepsLowerCorner01
      objectReference: {fileID: 0}
    - target: {fileID: 919132149155446097, guid: 62f9e11f55af76b47a3622eae48b65e9, type: 3}
      propertyPath: m_Layer
      value: 8
      objectReference: {fileID: 0}
    - target: {fileID: 919132149155446097, guid: 62f9e11f55af76b47a3622eae48b65e9, type: 3}
      propertyPath: m_IsActive
      value: 1
      objectReference: {fileID: 0}
    m_RemovedComponents: []
  m_SourcePrefab: {fileID: 100100000, guid: 62f9e11f55af76b47a3622eae48b65e9, type: 3}
--- !u!1 &7859611863936632047 stripped
GameObject:
  m_CorrespondingSourceObject: {fileID: 919132149155446097, guid: 62f9e11f55af76b47a3622eae48b65e9, type: 3}
  m_PrefabInstance: {fileID: 7049147753933224382}
  m_PrefabAsset: {fileID: 0}
--- !u!4 &7374965403137859157 stripped
Transform:
  m_CorrespondingSourceObject: {fileID: -8679921383154817045, guid: 62f9e11f55af76b47a3622eae48b65e9, type: 3}
  m_PrefabInstance: {fileID: 7049147753933224382}
  m_PrefabAsset: {fileID: 0}
--- !u!1001 &7049147754501331291
PrefabInstance:
  m_ObjectHideFlags: 0
  serializedVersion: 2
  m_Modification:
    m_TransformParent: {fileID: 7049147754073331008}
    m_Modifications:
    - target: {fileID: -8679921383154817045, guid: 0f21a044f6efee74ba3bb2dc97f65538, type: 3}
      propertyPath: m_RootOrder
      value: 1
      objectReference: {fileID: 0}
    - target: {fileID: -8679921383154817045, guid: 0f21a044f6efee74ba3bb2dc97f65538, type: 3}
      propertyPath: m_LocalPosition.x
      value: 0
      objectReference: {fileID: 0}
    - target: {fileID: -8679921383154817045, guid: 0f21a044f6efee74ba3bb2dc97f65538, type: 3}
      propertyPath: m_LocalPosition.y
      value: 0
      objectReference: {fileID: 0}
    - target: {fileID: -8679921383154817045, guid: 0f21a044f6efee74ba3bb2dc97f65538, type: 3}
      propertyPath: m_LocalPosition.z
      value: 0
      objectReference: {fileID: 0}
    - target: {fileID: -8679921383154817045, guid: 0f21a044f6efee74ba3bb2dc97f65538, type: 3}
      propertyPath: m_LocalRotation.w
      value: 0.5
      objectReference: {fileID: 0}
    - target: {fileID: -8679921383154817045, guid: 0f21a044f6efee74ba3bb2dc97f65538, type: 3}
      propertyPath: m_LocalRotation.x
      value: -0.5
      objectReference: {fileID: 0}
    - target: {fileID: -8679921383154817045, guid: 0f21a044f6efee74ba3bb2dc97f65538, type: 3}
      propertyPath: m_LocalRotation.y
      value: -0.5
      objectReference: {fileID: 0}
    - target: {fileID: -8679921383154817045, guid: 0f21a044f6efee74ba3bb2dc97f65538, type: 3}
      propertyPath: m_LocalRotation.z
      value: -0.5
      objectReference: {fileID: 0}
    - target: {fileID: -8679921383154817045, guid: 0f21a044f6efee74ba3bb2dc97f65538, type: 3}
      propertyPath: m_LocalEulerAnglesHint.x
      value: -90
      objectReference: {fileID: 0}
    - target: {fileID: -8679921383154817045, guid: 0f21a044f6efee74ba3bb2dc97f65538, type: 3}
      propertyPath: m_LocalEulerAnglesHint.y
      value: -90
      objectReference: {fileID: 0}
    - target: {fileID: -8679921383154817045, guid: 0f21a044f6efee74ba3bb2dc97f65538, type: 3}
      propertyPath: m_LocalEulerAnglesHint.z
      value: 0
      objectReference: {fileID: 0}
    - target: {fileID: -7511558181221131132, guid: 0f21a044f6efee74ba3bb2dc97f65538, type: 3}
      propertyPath: m_Materials.Array.data[0]
      value: 
      objectReference: {fileID: 2100000, guid: 8e1db7bf442f94e4e9cee3b493171d92, type: 2}
    - target: {fileID: 882129737928793925, guid: 0f21a044f6efee74ba3bb2dc97f65538, type: 3}
      propertyPath: m_Materials.Array.data[0]
      value: 
      objectReference: {fileID: 2100000, guid: 8e1db7bf442f94e4e9cee3b493171d92, type: 2}
    - target: {fileID: 919132149155446097, guid: 0f21a044f6efee74ba3bb2dc97f65538, type: 3}
      propertyPath: m_Name
      value: m_Steps00
      objectReference: {fileID: 0}
    - target: {fileID: 919132149155446097, guid: 0f21a044f6efee74ba3bb2dc97f65538, type: 3}
      propertyPath: m_Layer
      value: 8
      objectReference: {fileID: 0}
    - target: {fileID: 919132149155446097, guid: 0f21a044f6efee74ba3bb2dc97f65538, type: 3}
      propertyPath: m_IsActive
      value: 1
      objectReference: {fileID: 0}
    m_RemovedComponents: []
  m_SourcePrefab: {fileID: 100100000, guid: 0f21a044f6efee74ba3bb2dc97f65538, type: 3}
--- !u!1 &7859611863297188874 stripped
GameObject:
  m_CorrespondingSourceObject: {fileID: 919132149155446097, guid: 0f21a044f6efee74ba3bb2dc97f65538, type: 3}
  m_PrefabInstance: {fileID: 7049147754501331291}
  m_PrefabAsset: {fileID: 0}
--- !u!4 &7374965402569686704 stripped
Transform:
  m_CorrespondingSourceObject: {fileID: -8679921383154817045, guid: 0f21a044f6efee74ba3bb2dc97f65538, type: 3}
  m_PrefabInstance: {fileID: 7049147754501331291}
  m_PrefabAsset: {fileID: 0}
